@misc{OctCNN,
Author = {Yunpeng Chen and Haoqi Fan and Bing Xu and Zhicheng Yan and Yannis Kalantidis and Marcus Rohrbach and Shuicheng Yan and Jiashi Feng},
Title = {Drop an Octave: Reducing Spatial Redundancy in Convolutional Neural Networks with Octave Convolution},
Year = {2019},
Eprint = {arXiv:1904.05049},
}

@misc{SAGAN,
	Author = {Han Zhang and Ian Goodfellow and Dimitris Metaxas and Augustus Odena},
	Title = {Self-Attention Generative Adversarial Networks},
	Year = {2018},
	Eprint = {arXiv:1805.08318},
}