%# -*- coding: utf-8-unix -*-

@misc{OctCNN,
Author = {Yunpeng Chen and Haoqi Fan and Bing Xu and Zhicheng Yan and Yannis Kalantidis and Marcus Rohrbach and Shuicheng Yan and Jiashi Feng},
Title = {Drop an Octave: Reducing Spatial Redundancy in Convolutional Neural Networks with Octave Convolution},
Year = {2019.},
Eprint = {arXiv:1904.05049},
}

@misc{SAGAN,
	Author = {Han Zhang and Ian Goodfellow and Dimitris Metaxas and Augustus Odena},
	Title = {Self-Attention Generative Adversarial Networks},
	Year = {2018.},
	Eprint = {arXiv:1805.08318},
}

@misc{cite_1,
	Author = {gdymind},
	Title = {一文读懂GAN, pix2pix, CycleGAN和pix2pixHD},
	Year = {2018.},
	URL = {https://blog.csdn.net/gdymind/article/details/82696481},
}

@misc{cite_2,
	Author = {},
	Title = {GAN生成对抗网络从入门到实践——入门级},
	Year = {2018.},
	URL = {https://www.jianshu.com/p/1937d92be71e},
}

@misc{cite_3,
	Author = {Phillip Isola and Jun-Yan Zhu and Tinghui Zhou and Alexei A.Efros},
	Title = {Image-to-Image Translation with Conditional Adversarial Networks},
	Year = {2018.},
	URL = {https://arxiv.org/abs/1611.07004},
}

@misc{cite_4,
	Author = {Jun-Yan Zhu and Taesung Park and Phillip Isola and Alexei A.Efros},
	Title = {Unpaired Image-to-Image Translation using Cycle-Consistent Adversarial Networks},
	Year = {2018.},
	URL = {https://arxiv.org/abs/1703.10593},
}

@misc{cite_5,
	Author = {Teeyohuang},
	Title = {生成对抗网络GAN系列（六）--CycleGAN},
	Year = {2018.},
	URL = {https://blog.csdn.net/Teeyohuang/article/details/82729047},
}

@misc{cite_6,
	Author = {xuefengyang666},
	Title = {SAGAN(Self-Attention Generative Adversarial Networks)论文笔记},
	Year = {2018.},
	URL = {https://blog.csdn.net/xuefengyang666/article/details/90137109},
}

@misc{cite_7,
	Author = {Han Zhang and Ian Goodfellow},
	Title = {Self-Attention Generative Adversarial Networks},
	Year = {2018.},
	URL = {https://arxiv.org/abs/1805.08318},
}

@misc{cite_8,
	Author = {},
	Title = {Self-Attention GAN中的self-attention机制},
	Year = {2018.},
	URL = { https://www.jiqizhixin.com/articles/2019-03-06-14},
}

@misc{cite_9,
	Author = {},
	Title = {大话CNN经典模型：VGGNet},
	Year = {2018.},
	URL = {https://my.oschina.net/u/876354/blog/1634322},
}

@misc{cite_10,
	Author = {Kaipeng Zhang and Zhanpeng Zhang and Zhifeng Li and Yu Qiao},
	Title = {Joint Face Detection and Alignment using Multi-task Cascaded Convolutional Networks},
	Year = {2018.},
	URL = {https://arxiv.org/abs/1604.02878v1},
}

@misc{cite_11,
	Author = {zhangjunhit},
	Title = {人脸对齐——Face Alignment In-the-Wild: A Survey},
	Year = {2018.},
	URL = {https://blog.csdn.net/zhangjunhit/article/details/78435972},
}
