%# -*- coding: utf-8-unix -*-
@inproceedings{threshold,
	author = {William B. Lund and Douglas J. Kennard and Eric K. Ringger},
	title = {Combining multiple thresholding binarization values to improve OCR output},
	volume = {8658},
	booktitle = {Document Recognition and Retrieval XX},
	editor = {Richard Zanibbi and Bertrand Co√ºasnon},
	organization = {International Society for Optics and Photonics},
	publisher = {SPIE},
	pages = {254 -- 264},
	keywords = {Optical character recognition, Error correction, Machine Learning, Multiple sequence alignment, Progressive text alignment, Image binarization},
	year = {2013},
	doi = {10.1117/12.2006228},
	URL = {https://doi.org/10.1117/12.2006228}
}

@INPROCEEDINGS{thining, 
	author={N. A. {Shaikh} and Z. A. {Shaikh}}, 
	booktitle={2005 Pakistan Section Multitopic Conference}, 
	title={A Generalized Thinning Algorithm for Cursive and Non-Cursive Language Scripts}, 
	year={2005}, 
	volume={}, 
	number={}, 
	pages={1-4}, 
	keywords={computational complexity;image classification;image thinning;natural language processing;optical character recognition;parallel algorithms;generalized universal thinning algorithm;cursive language scripts;noncursive language scripts;text recognition;unit-width skeletons;character recognition;improved parallel thinning algorithm;preservation rules;pixel arrangement grid templates;OCR;classification;Natural languages;Skeleton;Shape measurement;Text recognition;Character recognition;Feature extraction;Character generation;Mesh generation;Parallel programming;Costs;Thinning;Skeleton;Sindhi OCR}, 
	doi={10.1109/INMIC.2005.334387}, 
	ISSN={null}, 
	month={Dec},}

@article{vgg,
	added-at = {2016-11-19T13:14:27.000+0100},
	author = {Simonyan, Karen and Zisserman, Andrew},
	interhash = {4e6fa56cb7cf99400d5701543ee228de},
	intrahash = {0ee0434e0a70b329d5518f43f1742f7a},
	journal = {CoRR},
	keywords = {cnn ma-zehe neuralnet},
	timestamp = {2016-11-19T13:14:27.000+0100},
	title = {Very Deep Convolutional Networks for Large-Scale Image Recognition},
	url = {http://arxiv.org/abs/1409.1556},
	volume = {abs/1409.1556},
	year = 2014
}

@article{yolov3,
	title={YOLOv3: An Incremental Improvement},
	author={Redmon, Joseph and Farhadi, Ali},
	journal = {arXiv},
	year={2018}
}

@InProceedings{CTPN,

	author="Tian, Zhi

	and Huang, Weilin

	and He, Tong

	and He, Pan

	and Qiao, Yu",

	editor="Leibe, Bastian

	and Matas, Jiri

	and Sebe, Nicu

	and Welling, Max",

	title="Detecting Text in Natural Image with Connectionist Text Proposal Network",

	booktitle="Computer Vision -- ECCV 2016",

	year="2016",

	publisher="Springer International Publishing",

	address="Cham",

	pages="56--72",

	isbn="978-3-319-46484-8"

}


@InProceedings{MFCNN,
	author = {Yang, Xiao and Yumer, Ersin and Asente, Paul and Kraley, Mike and Kifer, Daniel and Lee Giles, C.},
	title = {Learning to Extract Semantic Structure From Documents Using Multimodal Fully Convolutional Neural Networks},
	booktitle = {The IEEE Conference on Computer Vision and Pattern Recognition (CVPR)},
	month = {July},
	year = {2017}
}

@InProceedings{YOLO,
	author = {Redmon, Joseph and Divvala, Santosh and Girshick, Ross and Farhadi, Ali},
	title = {You Only Look Once: Unified, Real-Time Object Detection},
	booktitle = {The IEEE Conference on Computer Vision and Pattern Recognition (CVPR)},
	month = {June},
	year = {2016}
}

@ARTICLE{CRNN, 
	author={B. {Shi} and X. {Bai} and C. {Yao}}, 
	journal={IEEE Transactions on Pattern Analysis and Machine Intelligence}, 
	title={An End-to-End Trainable Neural Network for Image-Based Sequence Recognition and Its Application to Scene Text Recognition}, 
	year={2017}, 
	volume={39}, 
	number={11}, 
	pages={2298-2304},
	doi={10.1109/TPAMI.2016.2646371}, 
	ISSN={1939-3539}, 
	month={Nov},}

@misc{GRU,
	Author = {Kyunghyun Cho and Bart van Merrienboer and Caglar Gulcehre and Dzmitry Bahdanau and Fethi Bougares and Holger Schwenk and Yoshua Bengio},
	Title = {Learning Phrase Representations using RNN Encoder-Decoder for Statistical Machine Translation},
	Year = {2014},
	Eprint = {arXiv:1406.1078},
}

@InProceedings{post_LSTM,

	author="Wang, Qiufeng

	and Liu, Minghuan

	and Zhang, Weijia

	and Guo, Yuhang

	and Li, Tianrui",

	editor="Tang, Jie

	and Kan, Min-Yen

	and Zhao, Dongyan

	and Li, Sujian

	and Zan, Hongying ",

	title="Automatic Proofreading in Chinese: Detect and Correct Spelling Errors in Character-Level with Deep Neural Networks",

	booktitle="Natural Language Processing and Chinese Computing",

	year="2019",

	publisher="Springer International Publishing",

	address="Cham",

	pages="349--359",

	isbn="978-3-030-32236-6"

}


@inproceedings{post_SMT,
	title = "{C}hinese Spelling Checker Based on Statistical Machine Translation",
	author = "Chiu, Hsun-wen  and
	Wu, Jian-cheng  and
	Chang, Jason S.",
	booktitle = "Proceedings of the Seventh {SIGHAN} Workshop on {C}hinese Language Processing",
	month = oct,
	year = "2013",
	address = "Nagoya, Japan",
	publisher = "Asian Federation of Natural Language Processing",
	url = "https://www.aclweb.org/anthology/W13-4408",
	pages = "49--53",
}

@article{yuan2019ctw,
  author  = {Tai{-}Ling Yuan and Zhe Zhu and Kun Xu and Cheng{-}Jun Li and Tai{-}Jiang Mu and Shi{-}Min Hu},
  title   = {A Large Chinese Text Dataset in the Wild},
  journal = {Journal of Computer Science and Technology},
  volume  = {34},
  number  = {3},
  pages   = {509--521},
  year    = {2019},
}

@article{ICDAR2017,
author = {Shi, Baoguang and Yao, Cong and Liao, Minghui and Yang, Mingkun and Xu, Pei and Cui, Linyan and Belongie, Serge and Lu, Shijian and Bai, Xiang},
year = {2017},
month = {08},
pages = {},
title = {ICDAR2017 Competition on Reading Chinese Text in the Wild (RCTW-17)}
}